@article{kwapisz2011activity,
  title={Activity recognition using cell phone accelerometers},
  author={Kwapisz, Jennifer R and Weiss, Gary M and Moore, Samuel A},
  journal={ACM SigKDD Explorations Newsletter},
  volume={12},
  number={2},
  pages={74--82},
  year={2011},
  publisher={ACM}
}

@inproceedings{ravi2005activity,
  title={Activity recognition from accelerometer data},
  author={Ravi, Nishkam and Dandekar, Nikhil and Mysore, Preetham and Littman, Michael L},
  booktitle={AAAI},
  volume={5},
  pages={1541--1546},
  year={2005}
}

@inproceedings{yan2012energy,
  title={Energy-efficient continuous activity recognition on mobile phones: An activity-adaptive approach},
  author={Yan, Zhixian and Subbaraju, Vigneshwaran and Chakraborty, Dipanjan and Misra, Archan and Aberer, Karl},
  booktitle={Wearable Computers (ISWC), 2012 16th International Symposium on},
  pages={17--24},
  year={2012},
  organization={Ieee}
}

@incollection{lee2011activity,
  title={Activity recognition using hierarchical hidden markov models on a smartphone with 3D accelerometer},
  author={Lee, Young-Seol and Cho, Sung-Bae},
  booktitle={Hybrid Artificial Intelligent Systems},
  pages={460--467},
  year={2011},
  publisher={Springer}
}

@inproceedings{srinivasan2012accurate,
  title={An accurate two-tier classifier for efficient duty-cycling of smartphone activity recognition systems},
  author={Srinivasan, Vijay and Phan, Thomas},
  booktitle={Proceedings of the Third International Workshop on Sensing Applications on Mobile Phones},
  pages={11},
  year={2012},
  organization={ACM}
}

@article{wolf2010quantified,
  title={The quantified self},
  author={Wolf, Gary and Carmichael, A and Kelly, K},
  journal={TED http://www.ted.com/talks/gary\_wolf\_the\_quantified\_self. html},
  year=2010
}